
@misc{1708.02709,
	Author = {Tom Young and Devamanyu Hazarika and Soujanya Poria and Erik Cambria},
	Title = {Recent Trends in Deep Learning Based Natural Language Processing},
	Year = {2017},
	Eprint = {arXiv:1708.02709},
}

%Evaluation Methods

@inproceedings{Schnabel15,
	added-at = {2019-09-11T00:00:00.000+0200},
	author = {Schnabel, Tobias and Labutov, Igor and Mimno, David M. and Joachims, Thorsten},
	biburl = {https://www.bibsonomy.org/bibtex/2e3ddf43540b7cb3c66ffcde40821be5f/dblp},
	booktitle = {EMNLP},
	crossref = {conf/emnlp/2015},
	editor = {Màrquez, Lluís and Callison-Burch, Chris and Su, Jian and Pighin, Daniele and Marton, Yuval},
	ee = {https://www.aclweb.org/anthology/D15-1036/},
	interhash = {450368f1df58772adfbfb2640f31fcba},
	intrahash = {e3ddf43540b7cb3c66ffcde40821be5f},
	isbn = {978-1-941643-32-7},
	keywords = {dblp},
	pages = {298-307},
	publisher = {The Association for Computational Linguistics},
	timestamp = {2019-09-14T11:49:51.000+0200},
	title = {Evaluation methods for unsupervised word embeddings.},
	url = {http://dblp.uni-trier.de/db/conf/emnlp/emnlp2015.html#SchnabelLMJ15},
	year = 2015	
}

@article{1901.09785,
	Author = {Bin Wang and Angela Wang and Fenxiao Chen and Yuncheng Wang and C. -C. Jay Kuo},
	Title = {Evaluating Word Embedding Models: Methods and Experimental Results},
	Year = {2019},
	Eprint = {arXiv:1901.09785},
	Howpublished = {APSIPA Transactions on Signal and Information Processing 8 (2019)
	e19},
	Doi = {10.1017/ATSIP.2019.12},
}

@misc{1801.09536,	
	Author = {Amir Bakarov},
	Title = {A Survey of Word Embeddings Evaluation Methods},
	Year = {2018},
	Eprint = {arXiv:1801.09536},
}

%Embeddings


@inproceedings{pennington2014glove,
	author = {Jeffrey Pennington and Richard Socher and Christopher D. Manning},
	booktitle = {Empirical Methods in Natural Language Processing (EMNLP)},
	title = {GloVe: Global Vectors for Word Representation},
	year = {2014},
	pages = {1532--1543},
	url = {http://www.aclweb.org/anthology/D14-1162},
}

@article{bojanowski2017enriching,
	title={Enriching Word Vectors with Subword Information},
	author={Bojanowski, Piotr and Grave, Edouard and Joulin, Armand and Mikolov, Tomas},
	journal={Transactions of the Association for Computational Linguistics},
	volume={5},
	year={2017},
	issn={2307-387X},
	pages={135--146}
}

@misc{word2vec,
	Author = {Tomas Mikolov and Kai Chen and Greg Corrado and Jeffrey Dean},
	Title = {Efficient Estimation of Word Representations in Vector Space},
	Year = {2013},
	Eprint = {arXiv:1301.3781},
}
@InProceedings{OilandGas,
	author = {Farhad Nooralahzadeh and Lilja Ovrelid and Jan Tore Lonning},
	title = "{Evaluation of Domain-specific Word Embeddings using Knowledge Resources}",
	booktitle = {Proceedings of the Eleventh International Conference on Language Resources and Evaluation (LREC 2018)},
	year = {2018},
	month = {May 7-12, 2018},
	address = {Miyazaki, Japan},
	editor = {Nicoletta Calzolari (Conference chair) and Khalid Choukri and Christopher Cieri and Thierry Declerck and Sara Goggi and Koiti Hasida and Hitoshi Isahara and Bente Maegaard and Joseph Mariani and Hélène Mazo and Asuncion Moreno and Jan Odijk and Stelios Piperidis and Takenobu Tokunaga},
	publisher = {European Language Resources Association (ELRA)},
	isbn = {979-10-95546-00-9},
	language = {english}
}

%Software Packages

@unpublished{spacy2,
	AUTHOR = {Honnibal, Matthew and Montani, Ines},
	TITLE  = {{spaCy 2}: Natural language understanding with {B}loom embeddings, convolutional neural networks and incremental parsing},
	YEAR   = {2017},
	Note   = {To appear}
}

@inproceedings{rehurek_lrec,
	title = {{Software Framework for Topic Modelling with Large Corpora}},
	author = {Radim {\v R}eh{\r u}{\v r}ek and Petr Sojka},
	booktitle = {{Proceedings of the LREC 2010 Workshop on New
	Challenges for NLP Frameworks}},
	pages = {45--50},
	year = 2010,
	month = May,
	day = 22,
	publisher = {ELRA},
	address = {Valletta, Malta},
	note={\url{http://is.muni.cz/publication/884893/en}},
	language={English}
}
@inproceedings{Loper:2002:NNL:1118108.1118117,
	author = {Loper, Edward and Bird, Steven},
	title = {NLTK: The Natural Language Toolkit},
	booktitle = {Proceedings of the ACL-02 Workshop on Effective Tools and Methodologies for Teaching Natural Language Processing and Computational Linguistics - Volume 1},
	series = {ETMTNLP '02},
	year = {2002},
	location = {Philadelphia, Pennsylvania},
	pages = {63--70},
	numpages = {8},
	url = {https://doi.org/10.3115/1118108.1118117},
	doi = {10.3115/1118108.1118117},
	acmid = {1118117},
	publisher = {Association for Computational Linguistics},
	address = {Stroudsburg, PA, USA},
} 

@inproceedings{grave2018learning,
	title={Learning Word Vectors for 157 Languages},
	author={Grave, Edouard and Bojanowski, Piotr and Gupta, Prakhar and Joulin, Armand and Mikolov, Tomas},
	booktitle={Proceedings of the International Conference on Language Resources and Evaluation (LREC 2018)},
	year={2018}
}



%t-SNE
@article{vanDerMaaten2008,
	added-at = {2015-06-19T12:07:15.000+0200},
	author = {van der Maaten, Laurens and Hinton, Geoffrey},
	biburl = {https://www.bibsonomy.org/bibtex/28b9aebb404ad4a4c6a436ea413550b30/lopusz_kdd},
	interhash = {370ba8b9e1909b61880a6f47c93bcd49},
	intrahash = {8b9aebb404ad4a4c6a436ea413550b30},
	journal = {Journal of Machine Learning Research},
	keywords = {dimensionality_reduction tSNE visualization},
	pages = {2579--2605},
	timestamp = {2015-08-19T15:19:11.000+0200},
	title = {Visualizing Data using {t-SNE} },
	url = {http://www.jmlr.org/papers/v9/vandermaaten08a.html},
	volume = 9,
	year = 2008
}
@online{attention_layer,
	ALTauthor = {Philippe Rémy},
	ALTeditor = {editor},
	title = {title},
	date = {date},
	url = {https://github.com/philipperemy/keras-attention-mechanism},
	OPTsubtitle = {subtitle},
	OPTtitleaddon = {titleaddon},
	OPTlanguage = {language},
	OPTversion = {version},
	OPTnote = {note},
	OPTorganization = {organization},
	OPTdate = {date},
	OPTmonth = {month},
	OPTyear = {year},
	OPTaddendum = {addendum},
	OPTpubstate = {pubstate},
	OPTurldate = {urldate},
}



