
@misc{1708.02709,
	Author = {Tom Young and Devamanyu Hazarika and Soujanya Poria and Erik Cambria},
	Title = {Recent Trends in Deep Learning Based Natural Language Processing},
	Year = {2017},
	Eprint = {arXiv:1708.02709},
}

@article{1901.09785,
	Author = {Bin Wang and Angela Wang and Fenxiao Chen and Yuncheng Wang and C. -C. Jay Kuo},
	Title = {Evaluating Word Embedding Models: Methods and Experimental Results},
	Year = {2019},
	Eprint = {arXiv:1901.09785},
	Howpublished = {APSIPA Transactions on Signal and Information Processing 8 (2019)
	e19},
	Doi = {10.1017/ATSIP.2019.12},
}

@inproceedings{pennington2014glove,
	author = {Jeffrey Pennington and Richard Socher and Christopher D. Manning},
	booktitle = {Empirical Methods in Natural Language Processing (EMNLP)},
	title = {GloVe: Global Vectors for Word Representation},
	year = {2014},
	pages = {1532--1543},
	url = {http://www.aclweb.org/anthology/D14-1162},
}

@article{bojanowski2017enriching,
	title={Enriching Word Vectors with Subword Information},
	author={Bojanowski, Piotr and Grave, Edouard and Joulin, Armand and Mikolov, Tomas},
	journal={Transactions of the Association for Computational Linguistics},
	volume={5},
	year={2017},
	issn={2307-387X},
	pages={135--146}
}

@misc{word2vec,
	Author = {Tomas Mikolov and Kai Chen and Greg Corrado and Jeffrey Dean},
	Title = {Efficient Estimation of Word Representations in Vector Space},
	Year = {2013},
	Eprint = {arXiv:1301.3781},
}
@InProceedings{OilandGas,
	author = {Farhad Nooralahzadeh and Lilja Ovrelid and Jan Tore Lonning},
	title = "{Evaluation of Domain-specific Word Embeddings using Knowledge Resources}",
	booktitle = {Proceedings of the Eleventh International Conference on Language Resources and Evaluation (LREC 2018)},
	year = {2018},
	month = {May 7-12, 2018},
	address = {Miyazaki, Japan},
	editor = {Nicoletta Calzolari (Conference chair) and Khalid Choukri and Christopher Cieri and Thierry Declerck and Sara Goggi and Koiti Hasida and Hitoshi Isahara and Bente Maegaard and Joseph Mariani and Hélène Mazo and Asuncion Moreno and Jan Odijk and Stelios Piperidis and Takenobu Tokunaga},
	publisher = {European Language Resources Association (ELRA)},
	isbn = {979-10-95546-00-9},
	language = {english}
}

